<?xml version="1.0" encoding="UTF-8"?><collection xmlns="http://www.loc.gov/MARC21/slim"><record><leader>00306nam--2200121-i-4500</leader><controlfield tag="001">000049446</controlfield><controlfield tag="002">20161230</controlfield><controlfield tag="005">20161230201047</controlfield><controlfield tag="008">060222s1000------------r-----000-0-eng-d</controlfield><datafield ind1=" " ind2=" " tag="245"><subfield code="a">Process chemistry</subfield></datafield><datafield ind1=" " ind2=" " tag="260"><subfield code="a">London, Prgamon Press, 1956</subfield></datafield><datafield ind1=" " ind2=" " tag="700"><subfield code="a">Br5uce,F.R.,J.M.Fletcher,Hh.Hyman,Jjkatz</subfield></datafield><datafield ind1=" " ind2=" " tag="852"><subfield code="a">11190</subfield></datafield></record></collection>